<record><leader>00000cas a2200000 a 4500</leader><controlfield tag="001">33827527</controlfield><controlfield tag="007">hd bfu---baat</controlfield><controlfield tag="007">hd afu---bact</controlfield><controlfield tag="008">951130d19541966nbudn nea     0    0eng d</controlfield><controlfield tag="009">17686</controlfield><datafield ind1=" " ind2=" " tag="010"><subfield code="a">sn 95070167 </subfield></datafield><datafield ind1=" " ind2=" " tag="040"><subfield code="a">NVG</subfield><subfield code="b">eng</subfield><subfield code="c">NVG</subfield><subfield code="d">OCL</subfield></datafield><datafield ind1="1" ind2=" " tag="029"><subfield code="a">AU@</subfield><subfield code="b">000012176423</subfield></datafield><datafield ind1=" " ind2=" " tag="042"><subfield code="a">msc</subfield></datafield><datafield ind1=" " ind2=" " tag="043"><subfield code="a">n-us-nb</subfield></datafield><datafield ind1="0" ind2=" " tag="130"><subfield code="a">Telegraph-bulletin (North Platte, Neb.)</subfield></datafield><datafield ind1="0" ind2="0" tag="245"><subfield code="a">Telegraph-bulletin</subfield><subfield code="h">[microform].</subfield></datafield><datafield ind1=" " ind2=" " tag="260"><subfield code="a">North Platte, Neb. :</subfield><subfield code="b">L.A. Kelly,</subfield><subfield code="c">1954-1966.</subfield></datafield><datafield ind1=" " ind2=" " tag="300"><subfield code="a">13 v.</subfield></datafield><datafield ind1=" " ind2=" " tag="310"><subfield code="a">Daily (except Sun.)</subfield></datafield><datafield ind1="0" ind2=" " tag="362"><subfield code="a">74th year, no. 34 (Feb. 10, 1954)-86th year, no. 266 (Nov. 12, 1966).</subfield></datafield><datafield ind1=" " ind2=" " tag="533"><subfield code="a">Microfilm.</subfield><subfield code="m">1954-1958.</subfield><subfield code="b">Lincoln, Neb. :</subfield><subfield code="c">Nebraska State Historical Society.</subfield><subfield code="e">17 microfilm reels ; 35 mm.</subfield></datafield><datafield ind1=" " ind2=" " tag="752"><subfield code="a">United States</subfield><subfield code="b">Nebraska</subfield><subfield code="c">Lincoln</subfield><subfield code="d">North Platte.</subfield></datafield><datafield ind1="0" ind2="0" tag="780"><subfield code="t">North Platte daily telegraph-bulletin</subfield><subfield code="w">(DLC)sn 95070160</subfield></datafield><datafield ind1="0" ind2="0" tag="785"><subfield code="t">North Platte telegraph (North Platte, Neb. : 1966)</subfield></datafield></record>